@book{infovis-ware,
	author = "Colin Ware",
	title = "Information Visualization: Perception for Design",
	publisher = "Morgan Kaufman",
	year = 2013,
	addres = "225 Wyman Street, Waltham, MA 02451, USA",
	edition = "Third"
}

@book{rethinkingteaching-laurillard,
	author = "Diana Laurillard",
	title = "Rethinking University Teaching: A conversational framework for the effective use of learning technologies",
	publisher = "RoutledgeFalmer",
	year = "2002",
	address = "2 Park Square, Milton Park, Abingdon, Oxon, OX14 4RN",
	edition = "Second",
	note = "p. 106"
}

@book{logicincs-huth+ryan,
	author = "Michael Huth and Mark Ryan",
	title = "Logic in Computer Science: Modelling and Reasoning About Systems",
	publisher = "Cambridge University Press",
	year = "2004",
	address = "The Edinburgh Building, Cambridge CB2 8RU, UK",
	edition = "Second",
	note = "Chapter 1"
}

@inproceedings{repvisvis-duval,
	author = "Raymond Duval",
	title = "Representation, Vision and Visualization: Cognitive Functions in Mathematical Thinking. Basic Issues for Learning",
	booktitle = "Proceedings of the Annual Meeting of the North American Chapter of the International Group for the Psychology of Mathematics Education",
	year = 1999,
	address = "Cuernavaca, Morelos, Mexico",
	month = "October"
}

@inproceedings{interaction-figueiras,
	author = "Ana Figueiras",
	title = "Towards the Understanding of Interaction in Information Visualization",
	booktitle = "2015 19th International Conference on Information Visualization",
	year = 2015,
	month = "July"
}

@inproceedings{insights-yi+etal,
	author = "Ji Soo Yi and Youn-ah Kang and John Stasko and Julie A. Jacko",
	title = "Understanding and Characterizing Insights: How do People Gain Insights Using Information Visualization",
	booktitle = "Proceedings of the 2008 Workshop on {BE}yond Time and Errors: Novel Evaluation Methods for Information Visualization",
	year = 2008,
	month = "April",
	organization = "ACM"
}

inproceedings
{name
	author = ,
	title = ,
	booktitle = ,
	year = ,
	editor = ,
	volume = ,
	series = ,
	pages = ,
	address = ,
	month = ,
	organization = ,
	publisher =
}

@article{generaltreeslayout-walker,
	author = "John Q. Walker II",
	title = "A Node-Positioning Algorithm for General Trees",
	journal = "Software --- Practice \& Experience",
	year = 1990,
	volume = 20,
	number = 7,
	pages = "685-705",
	month = "July",
}

@article{structuringproof-leron,
	author = "Uri Leron",
	title = "Structuring Mathematical Proofs",
	journal = "The American Mathematical Monthly",
	year = 1983,
	volume = 90,
	number = 3,
	pages = "174-185",
	month = "March",
}

@article{comprehendingproof-fuller+etal,
	author = "Evan Fuller and Keith Weber and Juan Pablo Mejia-Ramos and Kathryn Rhoads and Aron Samkoff",
	title = "Comprehending Structured Proofs",
	journal = "International Journal for Studies in Mathematics Education",
	year = 2014,
	volume = 7,
	number = 1
}

@article{eproofs-alcock+wilkinson,
	author = "Laura Alcock and Nicola Wilkinson",
	title = "e-Proofs: Design of a Resource to Support Proof Comprehension in Mathematics",
	journal = "Education Designer",
	year = 2011,
	volume = 1,
	number = 3
}

% not used?
@article{readingcompgeometric-lin+yang,
	author = "Fou-Lai Lin and Kai-Lin Yang",
	title = "The Reading Comprehension of Geometric Proofs: The Contribution of Knowledge and Reasoning",
	journal = "International Journal of Science and Mathematics Education",
	year = 2007,
	volume = 5,
	number = 4,
	pages = "729-754",
	month = "October"
}

@article{readingcompgeometry-yang+lin,
	author = "Kai-Lin Yang and Fou-Lai Lin",
	title = "A Model of Reading Comprehension of Geometry Proof",
	journal = "Educational Studies in Mathematics",
	year = 2008,
	volume = 67,
	number = 1,
	pages = "59-76",
	month = "January"
}

@article{majorsbeliefs-weber+mejiaramos,
	author = "Keith Weber and Juan Pablo Mejia-Ramos",
	title = "Mathematics Majors' Beliefs About Proof Reading",
	journal = "International Journal of Mathematical Education in Science and Technology",
	year = 2014,
	volume = 45,
	number = 1,
	pages = "89-103"
}

@article{proofexplexpl-hanna,
	author = "Gila Hanna",
	title = "Proof, Explanation and Exploration: An Overview",
	journal = "Educational Studies in Mathematics",
	year = 2000,
	volume = 44,
	number = 1,
	pages = "5-23",
	month = "December"
}

@article{graphvis-herman+melancon+marshall,
	author = "Ivan Herman and Guy Melan\c{c}on and M. Scott Marshall",
	title = "Graph Visualization and Navigation in Information Visualization: a Survey",
	journal = "IEEE Transactions on Visualization and Computer Graphics",
	year = 2000,
	volume = 6,
	number = 1,
	pages = "24-43",
	month = "January"
}

@unpublished{natded-pfenning,
	author = "Frank Pfenning",
	title = "Lecture Notes on Natural Deduction",
	note = "Constructive Logic course notes (http://www.cs.cmu.edu/~fp/courses/15317-f17/lectures/02-natded.pdf)",
	month = "August",
	year = "2009"
}

article
{
	author = ,
	title = ,
	journal = ,
	year = ,
	volume = ,
	number = ,
	pages = ,
	month =
}

article
{
	author = ,
	title = ,
	journal = ,
	year = ,
	volume = ,
	number = ,
	pages = ,
	month =
}

article
{
	author = ,
	title = ,
	journal = ,
	year = ,
	volume = ,
	number = ,
	pages = ,
	month =
}